%YAML 1.1
%TAG !u! tag:unity3d.com,2011:
--- !u!64 &7519045129711313559
MeshCollider:
  m_ObjectHideFlags: 0
  m_CorrespondingSourceObject: {fileID: 0}
  m_PrefabInstance: {fileID: 0}
  m_PrefabAsset: {fileID: 0}
  m_GameObject: {fileID: 152572629754739392}
  m_Material: {fileID: 0}
  m_IsTrigger: 0
  m_Enabled: 1
  serializedVersion: 3
  m_Convex: 0
  m_CookingOptions: 14
  m_Mesh: {fileID: 9181151910722501365, guid: b4b5332f50f9f3146a91a1b94b6699aa, type: 3}
--- !u!64 &4410302773740142203
MeshCollider:
  m_ObjectHideFlags: 0
  m_CorrespondingSourceObject: {fileID: 0}
  m_PrefabInstance: {fileID: 0}
  m_PrefabAsset: {fileID: 0}
  m_GameObject: {fileID: 421903877783350629}
  m_Material: {fileID: 0}
  m_IsTrigger: 0
  m_Enabled: 1
  serializedVersion: 3
  m_Convex: 0
  m_CookingOptions: 14
  m_Mesh: {fileID: -6734398787486042838, guid: 9dbf12cdfe3f9f44d9c2bacf99a0e69d, type: 3}
--- !u!64 &6004879493120022706
MeshCollider:
  m_ObjectHideFlags: 0
  m_CorrespondingSourceObject: {fileID: 0}
  m_PrefabInstance: {fileID: 0}
  m_PrefabAsset: {fileID: 0}
  m_GameObject: {fileID: 2095065057431323626}
  m_Material: {fileID: 0}
  m_IsTrigger: 0
  m_Enabled: 1
  serializedVersion: 3
  m_Convex: 0
  m_CookingOptions: 14
  m_Mesh: {fileID: 9181151910722501365, guid: b4b5332f50f9f3146a91a1b94b6699aa, type: 3}
--- !u!64 &781686406553886964
MeshCollider:
  m_ObjectHideFlags: 0
  m_CorrespondingSourceObject: {fileID: 0}
  m_PrefabInstance: {fileID: 0}
  m_PrefabAsset: {fileID: 0}
  m_GameObject: {fileID: 2805534981483699379}
  m_Material: {fileID: 0}
  m_IsTrigger: 0
  m_Enabled: 1
  serializedVersion: 3
  m_Convex: 0
  m_CookingOptions: 14
  m_Mesh: {fileID: 9181151910722501365, guid: b4b5332f50f9f3146a91a1b94b6699aa, type: 3}
--- !u!64 &8382557713714999149
MeshCollider:
  m_ObjectHideFlags: 0
  m_CorrespondingSourceObject: {fileID: 0}
  m_PrefabInstance: {fileID: 0}
  m_PrefabAsset: {fileID: 0}
  m_GameObject: {fileID: 3155871473893844175}
  m_Material: {fileID: 0}
  m_IsTrigger: 0
  m_Enabled: 1
  serializedVersion: 3
  m_Convex: 0
  m_CookingOptions: 14
  m_Mesh: {fileID: 9181151910722501365, guid: b4b5332f50f9f3146a91a1b94b6699aa, type: 3}
--- !u!64 &3563125519732374515
MeshCollider:
  m_ObjectHideFlags: 0
  m_CorrespondingSourceObject: {fileID: 0}
  m_PrefabInstance: {fileID: 0}
  m_PrefabAsset: {fileID: 0}
  m_GameObject: {fileID: 4367531432308772434}
  m_Material: {fileID: 0}
  m_IsTrigger: 0
  m_Enabled: 1
  serializedVersion: 3
  m_Convex: 0
  m_CookingOptions: 14
  m_Mesh: {fileID: 9181151910722501365, guid: b4b5332f50f9f3146a91a1b94b6699aa, type: 3}
--- !u!64 &5862908996307799056
MeshCollider:
  m_ObjectHideFlags: 0
  m_CorrespondingSourceObject: {fileID: 0}
  m_PrefabInstance: {fileID: 0}
  m_PrefabAsset: {fileID: 0}
  m_GameObject: {fileID: 4925516874330629540}
  m_Material: {fileID: 0}
  m_IsTrigger: 0
  m_Enabled: 1
  serializedVersion: 3
  m_Convex: 0
  m_CookingOptions: 14
  m_Mesh: {fileID: 9181151910722501365, guid: b4b5332f50f9f3146a91a1b94b6699aa, type: 3}
--- !u!64 &2371944979751280147
MeshCollider:
  m_ObjectHideFlags: 0
  m_CorrespondingSourceObject: {fileID: 0}
  m_PrefabInstance: {fileID: 0}
  m_PrefabAsset: {fileID: 0}
  m_GameObject: {fileID: 4927154414048244137}
  m_Material: {fileID: 0}
  m_IsTrigger: 0
  m_Enabled: 1
  serializedVersion: 3
  m_Convex: 0
  m_CookingOptions: 14
  m_Mesh: {fileID: 9181151910722501365, guid: b4b5332f50f9f3146a91a1b94b6699aa, type: 3}
--- !u!1 &7372341505442879223
GameObject:
  m_ObjectHideFlags: 0
  m_CorrespondingSourceObject: {fileID: 0}
  m_PrefabInstance: {fileID: 0}
  m_PrefabAsset: {fileID: 0}
  serializedVersion: 6
  m_Component:
  - component: {fileID: 8440903270860632665}
  m_Layer: 0
  m_Name: escalera
  m_TagString: Untagged
  m_Icon: {fileID: 0}
  m_NavMeshLayer: 0
  m_StaticEditorFlags: 0
  m_IsActive: 1
--- !u!4 &8440903270860632665
Transform:
  m_ObjectHideFlags: 0
  m_CorrespondingSourceObject: {fileID: 0}
  m_PrefabInstance: {fileID: 0}
  m_PrefabAsset: {fileID: 0}
  m_GameObject: {fileID: 7372341505442879223}
  m_LocalRotation: {x: -0.6477016, y: -0.28369468, z: -0.28369465, w: 0.6477016}
  m_LocalPosition: {x: 88.96, y: 36.471, z: -94.95}
  m_LocalScale: {x: 9.345843, y: 9.345846, z: 9.345846}
  m_Children:
  - {fileID: 1203616598776245920}
  - {fileID: 3766506992859646163}
  - {fileID: 2130398037807060700}
  - {fileID: 3118869500365238777}
  - {fileID: 8231345425077044154}
  - {fileID: 5320144850783690861}
  - {fileID: 776817517057866817}
  - {fileID: 4972316261316201492}
  - {fileID: 8215034493493155767}
  - {fileID: 6513696247858794583}
  - {fileID: 3660618263026103404}
  - {fileID: 6733902957828920900}
  - {fileID: 3711457091520831350}
  - {fileID: 8828667995586680033}
  - {fileID: 2584566182219329754}
  m_Father: {fileID: 0}
  m_RootOrder: 0
  m_LocalEulerAnglesHint: {x: 0, y: 0, z: 0}
--- !u!64 &4975207817757869928
MeshCollider:
  m_ObjectHideFlags: 0
  m_CorrespondingSourceObject: {fileID: 0}
  m_PrefabInstance: {fileID: 0}
  m_PrefabAsset: {fileID: 0}
  m_GameObject: {fileID: 7799695661233726020}
  m_Material: {fileID: 0}
  m_IsTrigger: 0
  m_Enabled: 1
  serializedVersion: 3
  m_Convex: 0
  m_CookingOptions: 14
  m_Mesh: {fileID: 9181151910722501365, guid: b4b5332f50f9f3146a91a1b94b6699aa, type: 3}
--- !u!64 &1928265486946458914
MeshCollider:
  m_ObjectHideFlags: 0
  m_CorrespondingSourceObject: {fileID: 0}
  m_PrefabInstance: {fileID: 0}
  m_PrefabAsset: {fileID: 0}
  m_GameObject: {fileID: 8312077642005249543}
  m_Material: {fileID: 0}
  m_IsTrigger: 0
  m_Enabled: 1
  serializedVersion: 3
  m_Convex: 0
  m_CookingOptions: 14
  m_Mesh: {fileID: 9181151910722501365, guid: b4b5332f50f9f3146a91a1b94b6699aa, type: 3}
--- !u!64 &2810815902530239921
MeshCollider:
  m_ObjectHideFlags: 0
  m_CorrespondingSourceObject: {fileID: 0}
  m_PrefabInstance: {fileID: 0}
  m_PrefabAsset: {fileID: 0}
  m_GameObject: {fileID: 9191752647055708798}
  m_Material: {fileID: 0}
  m_IsTrigger: 0
  m_Enabled: 1
  serializedVersion: 3
  m_Convex: 0
  m_CookingOptions: 14
  m_Mesh: {fileID: 9181151910722501365, guid: b4b5332f50f9f3146a91a1b94b6699aa, type: 3}
--- !u!1001 &34766029712205582
PrefabInstance:
  m_ObjectHideFlags: 0
  serializedVersion: 2
  m_Modification:
    m_TransformParent: {fileID: 8440903270860632665}
    m_Modifications:
    - target: {fileID: -927199367670048503, guid: b4b5332f50f9f3146a91a1b94b6699aa,
        type: 3}
      propertyPath: m_Name
      value: PlacaMetal1 (7)
      objectReference: {fileID: 0}
    - target: {fileID: -4216859302048453862, guid: b4b5332f50f9f3146a91a1b94b6699aa,
        type: 3}
      propertyPath: m_LocalPosition.x
      value: -1.963
      objectReference: {fileID: 0}
    - target: {fileID: -4216859302048453862, guid: b4b5332f50f9f3146a91a1b94b6699aa,
        type: 3}
      propertyPath: m_LocalPosition.y
      value: 1.857
      objectReference: {fileID: 0}
    - target: {fileID: -4216859302048453862, guid: b4b5332f50f9f3146a91a1b94b6699aa,
        type: 3}
      propertyPath: m_LocalPosition.z
      value: 0.35
      objectReference: {fileID: 0}
    - target: {fileID: -4216859302048453862, guid: b4b5332f50f9f3146a91a1b94b6699aa,
        type: 3}
      propertyPath: m_LocalRotation.x
      value: 0.000000029802319
      objectReference: {fileID: 0}
    - target: {fileID: -4216859302048453862, guid: b4b5332f50f9f3146a91a1b94b6699aa,
        type: 3}
      propertyPath: m_LocalRotation.y
      value: -0.000000119209275
      objectReference: {fileID: 0}
    - target: {fileID: -4216859302048453862, guid: b4b5332f50f9f3146a91a1b94b6699aa,
        type: 3}
      propertyPath: m_LocalRotation.z
      value: -0.6343191
      objectReference: {fileID: 0}
    - target: {fileID: -4216859302048453862, guid: b4b5332f50f9f3146a91a1b94b6699aa,
        type: 3}
      propertyPath: m_LocalRotation.w
      value: 0.7730713
      objectReference: {fileID: 0}
    - target: {fileID: -4216859302048453862, guid: b4b5332f50f9f3146a91a1b94b6699aa,
        type: 3}
      propertyPath: m_RootOrder
      value: 7
      objectReference: {fileID: 0}
    - target: {fileID: -4216859302048453862, guid: b4b5332f50f9f3146a91a1b94b6699aa,
        type: 3}
      propertyPath: m_LocalEulerAnglesHint.x
      value: -90.00001
      objectReference: {fileID: 0}
    - target: {fileID: -4216859302048453862, guid: b4b5332f50f9f3146a91a1b94b6699aa,
        type: 3}
      propertyPath: m_LocalEulerAnglesHint.y
      value: 0
      objectReference: {fileID: 0}
    - target: {fileID: -4216859302048453862, guid: b4b5332f50f9f3146a91a1b94b6699aa,
        type: 3}
      propertyPath: m_LocalEulerAnglesHint.z
      value: -126.046005
      objectReference: {fileID: 0}
    - target: {fileID: -4216859302048453862, guid: b4b5332f50f9f3146a91a1b94b6699aa,
        type: 3}
      propertyPath: m_LocalScale.x
      value: 1
      objectReference: {fileID: 0}
    - target: {fileID: -4216859302048453862, guid: b4b5332f50f9f3146a91a1b94b6699aa,
        type: 3}
      propertyPath: m_LocalScale.y
      value: 1
      objectReference: {fileID: 0}
    - target: {fileID: -4216859302048453862, guid: b4b5332f50f9f3146a91a1b94b6699aa,
        type: 3}
      propertyPath: m_LocalScale.z
      value: 1
      objectReference: {fileID: 0}
    m_RemovedComponents: []
  m_SourcePrefab: {fileID: 100100000, guid: b4b5332f50f9f3146a91a1b94b6699aa, type: 3}
--- !u!1 &8312077642005249543 stripped
GameObject:
  m_CorrespondingSourceObject: {fileID: -927199367670048503, guid: b4b5332f50f9f3146a91a1b94b6699aa,
    type: 3}
  m_PrefabInstance: {fileID: 34766029712205582}
  m_PrefabAsset: {fileID: 0}
--- !u!4 &4972316261316201492 stripped
Transform:
  m_CorrespondingSourceObject: {fileID: -4216859302048453862, guid: b4b5332f50f9f3146a91a1b94b6699aa,
    type: 3}
  m_PrefabInstance: {fileID: 34766029712205582}
  m_PrefabAsset: {fileID: 0}
--- !u!1001 &829098968093841110
PrefabInstance:
  m_ObjectHideFlags: 0
  serializedVersion: 2
  m_Modification:
    m_TransformParent: {fileID: 8440903270860632665}
    m_Modifications:
    - target: {fileID: 2163115376070431775, guid: 041591ea9ef548244bd1abcbc6e24469,
        type: 3}
      propertyPath: m_Name
      value: Antorcha-Soporte Variant (2)
      objectReference: {fileID: 0}
    - target: {fileID: 2909241940837656076, guid: 041591ea9ef548244bd1abcbc6e24469,
        type: 3}
      propertyPath: m_LocalPosition.x
      value: -0.82
      objectReference: {fileID: 0}
    - target: {fileID: 2909241940837656076, guid: 041591ea9ef548244bd1abcbc6e24469,
        type: 3}
      propertyPath: m_LocalPosition.y
      value: 4.13
      objectReference: {fileID: 0}
    - target: {fileID: 2909241940837656076, guid: 041591ea9ef548244bd1abcbc6e24469,
        type: 3}
      propertyPath: m_LocalPosition.z
      value: 0.74
      objectReference: {fileID: 0}
    - target: {fileID: 2909241940837656076, guid: 041591ea9ef548244bd1abcbc6e24469,
        type: 3}
      propertyPath: m_LocalRotation.x
      value: 0.6986054
      objectReference: {fileID: 0}
    - target: {fileID: 2909241940837656076, guid: 041591ea9ef548244bd1abcbc6e24469,
        type: 3}
      propertyPath: m_LocalRotation.y
      value: 0.109318554
      objectReference: {fileID: 0}
    - target: {fileID: 2909241940837656076, guid: 041591ea9ef548244bd1abcbc6e24469,
        type: 3}
      propertyPath: m_LocalRotation.z
      value: 0.109318525
      objectReference: {fileID: 0}
    - target: {fileID: 2909241940837656076, guid: 041591ea9ef548244bd1abcbc6e24469,
        type: 3}
      propertyPath: m_LocalRotation.w
      value: 0.6986054
      objectReference: {fileID: 0}
    - target: {fileID: 2909241940837656076, guid: 041591ea9ef548244bd1abcbc6e24469,
        type: 3}
      propertyPath: m_RootOrder
      value: 14
      objectReference: {fileID: 0}
    - target: {fileID: 2909241940837656076, guid: 041591ea9ef548244bd1abcbc6e24469,
        type: 3}
      propertyPath: m_LocalEulerAnglesHint.x
      value: 0
      objectReference: {fileID: 0}
    - target: {fileID: 2909241940837656076, guid: 041591ea9ef548244bd1abcbc6e24469,
        type: 3}
      propertyPath: m_LocalEulerAnglesHint.y
      value: -29.52
      objectReference: {fileID: 0}
    - target: {fileID: 2909241940837656076, guid: 041591ea9ef548244bd1abcbc6e24469,
        type: 3}
      propertyPath: m_LocalEulerAnglesHint.z
      value: 0
      objectReference: {fileID: 0}
    - target: {fileID: 2909241940837656076, guid: 041591ea9ef548244bd1abcbc6e24469,
        type: 3}
      propertyPath: m_LocalScale.x
      value: 0.21399887
      objectReference: {fileID: 0}
    - target: {fileID: 2909241940837656076, guid: 041591ea9ef548244bd1abcbc6e24469,
        type: 3}
      propertyPath: m_LocalScale.y
      value: 0.21399888
      objectReference: {fileID: 0}
    - target: {fileID: 2909241940837656076, guid: 041591ea9ef548244bd1abcbc6e24469,
        type: 3}
      propertyPath: m_LocalScale.z
      value: 0.21399888
      objectReference: {fileID: 0}
    m_RemovedComponents: []
  m_SourcePrefab: {fileID: 100100000, guid: 041591ea9ef548244bd1abcbc6e24469, type: 3}
--- !u!4 &2584566182219329754 stripped
Transform:
  m_CorrespondingSourceObject: {fileID: 2909241940837656076, guid: 041591ea9ef548244bd1abcbc6e24469,
    type: 3}
  m_PrefabInstance: {fileID: 829098968093841110}
  m_PrefabAsset: {fileID: 0}
--- !u!1001 &913746129387801463
PrefabInstance:
  m_ObjectHideFlags: 0
  serializedVersion: 2
  m_Modification:
    m_TransformParent: {fileID: 8440903270860632665}
    m_Modifications:
    - target: {fileID: -927199367670048503, guid: b4b5332f50f9f3146a91a1b94b6699aa,
        type: 3}
      propertyPath: m_Name
      value: PlacaMetal1 (5)
      objectReference: {fileID: 0}
    - target: {fileID: -4216859302048453862, guid: b4b5332f50f9f3146a91a1b94b6699aa,
        type: 3}
      propertyPath: m_LocalPosition.x
      value: -1.587
      objectReference: {fileID: 0}
    - target: {fileID: -4216859302048453862, guid: b4b5332f50f9f3146a91a1b94b6699aa,
        type: 3}
      propertyPath: m_LocalPosition.y
      value: 1.031
      objectReference: {fileID: 0}
    - target: {fileID: -4216859302048453862, guid: b4b5332f50f9f3146a91a1b94b6699aa,
        type: 3}
      propertyPath: m_LocalPosition.z
      value: 0.25
      objectReference: {fileID: 0}
    - target: {fileID: -4216859302048453862, guid: b4b5332f50f9f3146a91a1b94b6699aa,
        type: 3}
      propertyPath: m_LocalRotation.x
      value: 0.00000008940696
      objectReference: {fileID: 0}
    - target: {fileID: -4216859302048453862, guid: b4b5332f50f9f3146a91a1b94b6699aa,
        type: 3}
      propertyPath: m_LocalRotation.y
      value: -0.000000052154057
      objectReference: {fileID: 0}
    - target: {fileID: -4216859302048453862, guid: b4b5332f50f9f3146a91a1b94b6699aa,
        type: 3}
      propertyPath: m_LocalRotation.z
      value: -0.4692566
      objectReference: {fileID: 0}
    - target: {fileID: -4216859302048453862, guid: b4b5332f50f9f3146a91a1b94b6699aa,
        type: 3}
      propertyPath: m_LocalRotation.w
      value: 0.8830619
      objectReference: {fileID: 0}
    - target: {fileID: -4216859302048453862, guid: b4b5332f50f9f3146a91a1b94b6699aa,
        type: 3}
      propertyPath: m_RootOrder
      value: 5
      objectReference: {fileID: 0}
    - target: {fileID: -4216859302048453862, guid: b4b5332f50f9f3146a91a1b94b6699aa,
        type: 3}
      propertyPath: m_LocalEulerAnglesHint.x
      value: -90.00001
      objectReference: {fileID: 0}
    - target: {fileID: -4216859302048453862, guid: b4b5332f50f9f3146a91a1b94b6699aa,
        type: 3}
      propertyPath: m_LocalEulerAnglesHint.y
      value: 0
      objectReference: {fileID: 0}
    - target: {fileID: -4216859302048453862, guid: b4b5332f50f9f3146a91a1b94b6699aa,
        type: 3}
      propertyPath: m_LocalEulerAnglesHint.z
      value: -103.27901
      objectReference: {fileID: 0}
    - target: {fileID: -4216859302048453862, guid: b4b5332f50f9f3146a91a1b94b6699aa,
        type: 3}
      propertyPath: m_LocalScale.x
      value: 1
      objectReference: {fileID: 0}
    - target: {fileID: -4216859302048453862, guid: b4b5332f50f9f3146a91a1b94b6699aa,
        type: 3}
      propertyPath: m_LocalScale.y
      value: 1
      objectReference: {fileID: 0}
    - target: {fileID: -4216859302048453862, guid: b4b5332f50f9f3146a91a1b94b6699aa,
        type: 3}
      propertyPath: m_LocalScale.z
      value: 1
      objectReference: {fileID: 0}
    m_RemovedComponents: []
  m_SourcePrefab: {fileID: 100100000, guid: b4b5332f50f9f3146a91a1b94b6699aa, type: 3}
--- !u!1 &9191752647055708798 stripped
GameObject:
  m_CorrespondingSourceObject: {fileID: -927199367670048503, guid: b4b5332f50f9f3146a91a1b94b6699aa,
    type: 3}
  m_PrefabInstance: {fileID: 913746129387801463}
  m_PrefabAsset: {fileID: 0}
--- !u!4 &5320144850783690861 stripped
Transform:
  m_CorrespondingSourceObject: {fileID: -4216859302048453862, guid: b4b5332f50f9f3146a91a1b94b6699aa,
    type: 3}
  m_PrefabInstance: {fileID: 913746129387801463}
  m_PrefabAsset: {fileID: 0}
--- !u!1001 &1731939452399517022
PrefabInstance:
  m_ObjectHideFlags: 0
  serializedVersion: 2
  m_Modification:
    m_TransformParent: {fileID: 8440903270860632665}
    m_Modifications:
    - target: {fileID: -927199367670048503, guid: cf8c1402a6b65194393ff31318579a5b,
        type: 3}
      propertyPath: m_Name
      value: PlacaMetal2
      objectReference: {fileID: 0}
    - target: {fileID: -4216859302048453862, guid: cf8c1402a6b65194393ff31318579a5b,
        type: 3}
      propertyPath: m_LocalPosition.x
      value: -1.22
      objectReference: {fileID: 0}
    - target: {fileID: -4216859302048453862, guid: cf8c1402a6b65194393ff31318579a5b,
        type: 3}
      propertyPath: m_LocalPosition.y
      value: 3.75
      objectReference: {fileID: 0}
    - target: {fileID: -4216859302048453862, guid: cf8c1402a6b65194393ff31318579a5b,
        type: 3}
      propertyPath: m_LocalPosition.z
      value: 0.51
      objectReference: {fileID: 0}
    - target: {fileID: -4216859302048453862, guid: cf8c1402a6b65194393ff31318579a5b,
        type: 3}
      propertyPath: m_LocalRotation.x
      value: 0.6477016
      objectReference: {fileID: 0}
    - target: {fileID: -4216859302048453862, guid: cf8c1402a6b65194393ff31318579a5b,
        type: 3}
      propertyPath: m_LocalRotation.y
      value: 0.28369468
      objectReference: {fileID: 0}
    - target: {fileID: -4216859302048453862, guid: cf8c1402a6b65194393ff31318579a5b,
        type: 3}
      propertyPath: m_LocalRotation.z
      value: 0.28369465
      objectReference: {fileID: 0}
    - target: {fileID: -4216859302048453862, guid: cf8c1402a6b65194393ff31318579a5b,
        type: 3}
      propertyPath: m_LocalRotation.w
      value: 0.6477016
      objectReference: {fileID: 0}
    - target: {fileID: -4216859302048453862, guid: cf8c1402a6b65194393ff31318579a5b,
        type: 3}
      propertyPath: m_RootOrder
      value: 11
      objectReference: {fileID: 0}
    - target: {fileID: -4216859302048453862, guid: cf8c1402a6b65194393ff31318579a5b,
        type: 3}
      propertyPath: m_LocalEulerAnglesHint.x
      value: 0
      objectReference: {fileID: 0}
    - target: {fileID: -4216859302048453862, guid: cf8c1402a6b65194393ff31318579a5b,
        type: 3}
      propertyPath: m_LocalEulerAnglesHint.y
      value: 0
      objectReference: {fileID: 0}
    - target: {fileID: -4216859302048453862, guid: cf8c1402a6b65194393ff31318579a5b,
        type: 3}
      propertyPath: m_LocalEulerAnglesHint.z
      value: 0
      objectReference: {fileID: 0}
    - target: {fileID: -4216859302048453862, guid: cf8c1402a6b65194393ff31318579a5b,
        type: 3}
      propertyPath: m_LocalScale.x
      value: 1.5192235
      objectReference: {fileID: 0}
    - target: {fileID: -4216859302048453862, guid: cf8c1402a6b65194393ff31318579a5b,
        type: 3}
      propertyPath: m_LocalScale.y
      value: 1.5192235
      objectReference: {fileID: 0}
    - target: {fileID: -4216859302048453862, guid: cf8c1402a6b65194393ff31318579a5b,
        type: 3}
      propertyPath: m_LocalScale.z
      value: 1.5192237
      objectReference: {fileID: 0}
    m_RemovedComponents: []
  m_SourcePrefab: {fileID: 100100000, guid: cf8c1402a6b65194393ff31318579a5b, type: 3}
--- !u!4 &6733902957828920900 stripped
Transform:
  m_CorrespondingSourceObject: {fileID: -4216859302048453862, guid: cf8c1402a6b65194393ff31318579a5b,
    type: 3}
  m_PrefabInstance: {fileID: 1731939452399517022}
  m_PrefabAsset: {fileID: 0}
--- !u!1001 &1914756395357540960
PrefabInstance:
  m_ObjectHideFlags: 0
  serializedVersion: 2
  m_Modification:
    m_TransformParent: {fileID: 8440903270860632665}
    m_Modifications:
    - target: {fileID: 2163115376070431775, guid: 041591ea9ef548244bd1abcbc6e24469,
        type: 3}
      propertyPath: m_Name
      value: Antorcha-Soporte Variant
      objectReference: {fileID: 0}
    - target: {fileID: 2909241940837656076, guid: 041591ea9ef548244bd1abcbc6e24469,
        type: 3}
      propertyPath: m_LocalPosition.x
      value: -0.7840195
      objectReference: {fileID: 0}
    - target: {fileID: 2909241940837656076, guid: 041591ea9ef548244bd1abcbc6e24469,
        type: 3}
      propertyPath: m_LocalPosition.y
      value: 0.49619275
      objectReference: {fileID: 0}
    - target: {fileID: 2909241940837656076, guid: 041591ea9ef548244bd1abcbc6e24469,
        type: 3}
      propertyPath: m_LocalPosition.z
      value: 0.7103693
      objectReference: {fileID: 0}
    - target: {fileID: 2909241940837656076, guid: 041591ea9ef548244bd1abcbc6e24469,
        type: 3}
      propertyPath: m_LocalRotation.x
      value: 0.21002169
      objectReference: {fileID: 0}
    - target: {fileID: 2909241940837656076, guid: 041591ea9ef548244bd1abcbc6e24469,
        type: 3}
      propertyPath: m_LocalRotation.y
      value: 0.67519695
      objectReference: {fileID: 0}
    - target: {fileID: 2909241940837656076, guid: 041591ea9ef548244bd1abcbc6e24469,
        type: 3}
      propertyPath: m_LocalRotation.z
      value: 0.67519695
      objectReference: {fileID: 0}
    - target: {fileID: 2909241940837656076, guid: 041591ea9ef548244bd1abcbc6e24469,
        type: 3}
      propertyPath: m_LocalRotation.w
      value: 0.21002167
      objectReference: {fileID: 0}
    - target: {fileID: 2909241940837656076, guid: 041591ea9ef548244bd1abcbc6e24469,
        type: 3}
      propertyPath: m_RootOrder
      value: 10
      objectReference: {fileID: 0}
    - target: {fileID: 2909241940837656076, guid: 041591ea9ef548244bd1abcbc6e24469,
        type: 3}
      propertyPath: m_LocalEulerAnglesHint.x
      value: 0
      objectReference: {fileID: 0}
    - target: {fileID: 2909241940837656076, guid: 041591ea9ef548244bd1abcbc6e24469,
        type: 3}
      propertyPath: m_LocalEulerAnglesHint.y
      value: 98.136
      objectReference: {fileID: 0}
    - target: {fileID: 2909241940837656076, guid: 041591ea9ef548244bd1abcbc6e24469,
        type: 3}
      propertyPath: m_LocalEulerAnglesHint.z
      value: 0
      objectReference: {fileID: 0}
    - target: {fileID: 2909241940837656076, guid: 041591ea9ef548244bd1abcbc6e24469,
        type: 3}
      propertyPath: m_LocalScale.x
      value: 0.21399903
      objectReference: {fileID: 0}
    - target: {fileID: 2909241940837656076, guid: 041591ea9ef548244bd1abcbc6e24469,
        type: 3}
      propertyPath: m_LocalScale.y
      value: 0.21399885
      objectReference: {fileID: 0}
    - target: {fileID: 2909241940837656076, guid: 041591ea9ef548244bd1abcbc6e24469,
        type: 3}
      propertyPath: m_LocalScale.z
      value: 0.21399897
      objectReference: {fileID: 0}
    m_RemovedComponents: []
  m_SourcePrefab: {fileID: 100100000, guid: 041591ea9ef548244bd1abcbc6e24469, type: 3}
--- !u!4 &3660618263026103404 stripped
Transform:
  m_CorrespondingSourceObject: {fileID: 2909241940837656076, guid: 041591ea9ef548244bd1abcbc6e24469,
    type: 3}
  m_PrefabInstance: {fileID: 1914756395357540960}
  m_PrefabAsset: {fileID: 0}
--- !u!1001 &2242784881173248845
PrefabInstance:
  m_ObjectHideFlags: 0
  serializedVersion: 2
  m_Modification:
    m_TransformParent: {fileID: 8440903270860632665}
    m_Modifications:
    - target: {fileID: -927199367670048503, guid: b4b5332f50f9f3146a91a1b94b6699aa,
        type: 3}
      propertyPath: m_Name
      value: PlacaMetal1 (10)
      objectReference: {fileID: 0}
    - target: {fileID: -4216859302048453862, guid: b4b5332f50f9f3146a91a1b94b6699aa,
        type: 3}
      propertyPath: m_LocalPosition.x
      value: -2.001
      objectReference: {fileID: 0}
    - target: {fileID: -4216859302048453862, guid: b4b5332f50f9f3146a91a1b94b6699aa,
        type: 3}
      propertyPath: m_LocalPosition.y
      value: 2.773
      objectReference: {fileID: 0}
    - target: {fileID: -4216859302048453862, guid: b4b5332f50f9f3146a91a1b94b6699aa,
        type: 3}
      propertyPath: m_LocalPosition.z
      value: 0.45
      objectReference: {fileID: 0}
    - target: {fileID: -4216859302048453862, guid: b4b5332f50f9f3146a91a1b94b6699aa,
        type: 3}
      propertyPath: m_LocalRotation.x
      value: 0.0000002980232
      objectReference: {fileID: 0}
    - target: {fileID: -4216859302048453862, guid: b4b5332f50f9f3146a91a1b94b6699aa,
        type: 3}
      propertyPath: m_LocalRotation.y
      value: -0.00000022351739
      objectReference: {fileID: 0}
    - target: {fileID: -4216859302048453862, guid: b4b5332f50f9f3146a91a1b94b6699aa,
        type: 3}
      propertyPath: m_LocalRotation.z
      value: -0.7611892
      objectReference: {fileID: 0}
    - target: {fileID: -4216859302048453862, guid: b4b5332f50f9f3146a91a1b94b6699aa,
        type: 3}
      propertyPath: m_LocalRotation.w
      value: 0.6485298
      objectReference: {fileID: 0}
    - target: {fileID: -4216859302048453862, guid: b4b5332f50f9f3146a91a1b94b6699aa,
        type: 3}
      propertyPath: m_RootOrder
      value: 9
      objectReference: {fileID: 0}
    - target: {fileID: -4216859302048453862, guid: b4b5332f50f9f3146a91a1b94b6699aa,
        type: 3}
      propertyPath: m_LocalEulerAnglesHint.x
      value: 0
      objectReference: {fileID: 0}
    - target: {fileID: -4216859302048453862, guid: b4b5332f50f9f3146a91a1b94b6699aa,
        type: 3}
      propertyPath: m_LocalEulerAnglesHint.y
      value: 0
      objectReference: {fileID: 0}
    - target: {fileID: -4216859302048453862, guid: b4b5332f50f9f3146a91a1b94b6699aa,
        type: 3}
      propertyPath: m_LocalEulerAnglesHint.z
      value: -99.13801
      objectReference: {fileID: 0}
    - target: {fileID: -4216859302048453862, guid: b4b5332f50f9f3146a91a1b94b6699aa,
        type: 3}
      propertyPath: m_LocalScale.x
      value: 1
      objectReference: {fileID: 0}
    - target: {fileID: -4216859302048453862, guid: b4b5332f50f9f3146a91a1b94b6699aa,
        type: 3}
      propertyPath: m_LocalScale.y
      value: 1
      objectReference: {fileID: 0}
    - target: {fileID: -4216859302048453862, guid: b4b5332f50f9f3146a91a1b94b6699aa,
        type: 3}
      propertyPath: m_LocalScale.z
      value: 1
      objectReference: {fileID: 0}
    m_RemovedComponents: []
  m_SourcePrefab: {fileID: 100100000, guid: b4b5332f50f9f3146a91a1b94b6699aa, type: 3}
--- !u!4 &6513696247858794583 stripped
Transform:
  m_CorrespondingSourceObject: {fileID: -4216859302048453862, guid: b4b5332f50f9f3146a91a1b94b6699aa,
    type: 3}
  m_PrefabInstance: {fileID: 2242784881173248845}
  m_PrefabAsset: {fileID: 0}
--- !u!1 &7799695661233726020 stripped
GameObject:
  m_CorrespondingSourceObject: {fileID: -927199367670048503, guid: b4b5332f50f9f3146a91a1b94b6699aa,
    type: 3}
  m_PrefabInstance: {fileID: 2242784881173248845}
  m_PrefabAsset: {fileID: 0}
--- !u!1001 &3981509467175430304
PrefabInstance:
  m_ObjectHideFlags: 0
  serializedVersion: 2
  m_Modification:
    m_TransformParent: {fileID: 8440903270860632665}
    m_Modifications:
    - target: {fileID: -927199367670048503, guid: b4b5332f50f9f3146a91a1b94b6699aa,
        type: 3}
      propertyPath: m_Name
      value: PlacaMetal1 (4)
      objectReference: {fileID: 0}
    - target: {fileID: -4216859302048453862, guid: b4b5332f50f9f3146a91a1b94b6699aa,
        type: 3}
      propertyPath: m_LocalPosition.x
      value: -1.304
      objectReference: {fileID: 0}
    - target: {fileID: -4216859302048453862, guid: b4b5332f50f9f3146a91a1b94b6699aa,
        type: 3}
      propertyPath: m_LocalPosition.y
      value: 0.717
      objectReference: {fileID: 0}
    - target: {fileID: -4216859302048453862, guid: b4b5332f50f9f3146a91a1b94b6699aa,
        type: 3}
      propertyPath: m_LocalPosition.z
      value: 0.2
      objectReference: {fileID: 0}
    - target: {fileID: -4216859302048453862, guid: b4b5332f50f9f3146a91a1b94b6699aa,
        type: 3}
      propertyPath: m_LocalRotation.x
      value: 0.000000059604645
      objectReference: {fileID: 0}
    - target: {fileID: -4216859302048453862, guid: b4b5332f50f9f3146a91a1b94b6699aa,
        type: 3}
      propertyPath: m_LocalRotation.y
      value: -0.000000029802322
      objectReference: {fileID: 0}
    - target: {fileID: -4216859302048453862, guid: b4b5332f50f9f3146a91a1b94b6699aa,
        type: 3}
      propertyPath: m_LocalRotation.z
      value: -0.37943992
      objectReference: {fileID: 0}
    - target: {fileID: -4216859302048453862, guid: b4b5332f50f9f3146a91a1b94b6699aa,
        type: 3}
      propertyPath: m_LocalRotation.w
      value: 0.92521644
      objectReference: {fileID: 0}
    - target: {fileID: -4216859302048453862, guid: b4b5332f50f9f3146a91a1b94b6699aa,
        type: 3}
      propertyPath: m_RootOrder
      value: 4
      objectReference: {fileID: 0}
    - target: {fileID: -4216859302048453862, guid: b4b5332f50f9f3146a91a1b94b6699aa,
        type: 3}
      propertyPath: m_LocalEulerAnglesHint.x
      value: -90.00001
      objectReference: {fileID: 0}
    - target: {fileID: -4216859302048453862, guid: b4b5332f50f9f3146a91a1b94b6699aa,
        type: 3}
      propertyPath: m_LocalEulerAnglesHint.y
      value: 0
      objectReference: {fileID: 0}
    - target: {fileID: -4216859302048453862, guid: b4b5332f50f9f3146a91a1b94b6699aa,
        type: 3}
      propertyPath: m_LocalEulerAnglesHint.z
      value: -91.90501
      objectReference: {fileID: 0}
    - target: {fileID: -4216859302048453862, guid: b4b5332f50f9f3146a91a1b94b6699aa,
        type: 3}
      propertyPath: m_LocalScale.x
      value: 1
      objectReference: {fileID: 0}
    - target: {fileID: -4216859302048453862, guid: b4b5332f50f9f3146a91a1b94b6699aa,
        type: 3}
      propertyPath: m_LocalScale.y
      value: 1
      objectReference: {fileID: 0}
    - target: {fileID: -4216859302048453862, guid: b4b5332f50f9f3146a91a1b94b6699aa,
        type: 3}
      propertyPath: m_LocalScale.z
      value: 1
      objectReference: {fileID: 0}
    m_RemovedComponents: []
  m_SourcePrefab: {fileID: 100100000, guid: b4b5332f50f9f3146a91a1b94b6699aa, type: 3}
--- !u!1 &4927154414048244137 stripped
GameObject:
  m_CorrespondingSourceObject: {fileID: -927199367670048503, guid: b4b5332f50f9f3146a91a1b94b6699aa,
    type: 3}
  m_PrefabInstance: {fileID: 3981509467175430304}
  m_PrefabAsset: {fileID: 0}
--- !u!4 &8231345425077044154 stripped
Transform:
  m_CorrespondingSourceObject: {fileID: -4216859302048453862, guid: b4b5332f50f9f3146a91a1b94b6699aa,
    type: 3}
  m_PrefabInstance: {fileID: 3981509467175430304}
  m_PrefabAsset: {fileID: 0}
--- !u!1001 &3997822724950211757
PrefabInstance:
  m_ObjectHideFlags: 0
  serializedVersion: 2
  m_Modification:
    m_TransformParent: {fileID: 8440903270860632665}
    m_Modifications:
    - target: {fileID: -927199367670048503, guid: b4b5332f50f9f3146a91a1b94b6699aa,
        type: 3}
      propertyPath: m_Name
      value: PlacaMetal1 (9)
      objectReference: {fileID: 0}
    - target: {fileID: -4216859302048453862, guid: b4b5332f50f9f3146a91a1b94b6699aa,
        type: 3}
      propertyPath: m_LocalPosition.x
      value: -2.058
      objectReference: {fileID: 0}
    - target: {fileID: -4216859302048453862, guid: b4b5332f50f9f3146a91a1b94b6699aa,
        type: 3}
      propertyPath: m_LocalPosition.y
      value: 2.283
      objectReference: {fileID: 0}
    - target: {fileID: -4216859302048453862, guid: b4b5332f50f9f3146a91a1b94b6699aa,
        type: 3}
      propertyPath: m_LocalPosition.z
      value: 0.4
      objectReference: {fileID: 0}
    - target: {fileID: -4216859302048453862, guid: b4b5332f50f9f3146a91a1b94b6699aa,
        type: 3}
      propertyPath: m_LocalRotation.x
      value: 0.00000020861626
      objectReference: {fileID: 0}
    - target: {fileID: -4216859302048453862, guid: b4b5332f50f9f3146a91a1b94b6699aa,
        type: 3}
      propertyPath: m_LocalRotation.y
      value: -0.00000021606684
      objectReference: {fileID: 0}
    - target: {fileID: -4216859302048453862, guid: b4b5332f50f9f3146a91a1b94b6699aa,
        type: 3}
      propertyPath: m_LocalRotation.z
      value: -0.69076955
      objectReference: {fileID: 0}
    - target: {fileID: -4216859302048453862, guid: b4b5332f50f9f3146a91a1b94b6699aa,
        type: 3}
      propertyPath: m_LocalRotation.w
      value: 0.723075
      objectReference: {fileID: 0}
    - target: {fileID: -4216859302048453862, guid: b4b5332f50f9f3146a91a1b94b6699aa,
        type: 3}
      propertyPath: m_RootOrder
      value: 8
      objectReference: {fileID: 0}
    - target: {fileID: -4216859302048453862, guid: b4b5332f50f9f3146a91a1b94b6699aa,
        type: 3}
      propertyPath: m_LocalEulerAnglesHint.x
      value: 0
      objectReference: {fileID: 0}
    - target: {fileID: -4216859302048453862, guid: b4b5332f50f9f3146a91a1b94b6699aa,
        type: 3}
      propertyPath: m_LocalEulerAnglesHint.y
      value: 0
      objectReference: {fileID: 0}
    - target: {fileID: -4216859302048453862, guid: b4b5332f50f9f3146a91a1b94b6699aa,
        type: 3}
      propertyPath: m_LocalEulerAnglesHint.z
      value: -87.382
      objectReference: {fileID: 0}
    - target: {fileID: -4216859302048453862, guid: b4b5332f50f9f3146a91a1b94b6699aa,
        type: 3}
      propertyPath: m_LocalScale.x
      value: 1
      objectReference: {fileID: 0}
    - target: {fileID: -4216859302048453862, guid: b4b5332f50f9f3146a91a1b94b6699aa,
        type: 3}
      propertyPath: m_LocalScale.y
      value: 1
      objectReference: {fileID: 0}
    - target: {fileID: -4216859302048453862, guid: b4b5332f50f9f3146a91a1b94b6699aa,
        type: 3}
      propertyPath: m_LocalScale.z
      value: 1
      objectReference: {fileID: 0}
    m_RemovedComponents: []
  m_SourcePrefab: {fileID: 100100000, guid: b4b5332f50f9f3146a91a1b94b6699aa, type: 3}
--- !u!1 &4925516874330629540 stripped
GameObject:
  m_CorrespondingSourceObject: {fileID: -927199367670048503, guid: b4b5332f50f9f3146a91a1b94b6699aa,
    type: 3}
  m_PrefabInstance: {fileID: 3997822724950211757}
  m_PrefabAsset: {fileID: 0}
--- !u!4 &8215034493493155767 stripped
Transform:
  m_CorrespondingSourceObject: {fileID: -4216859302048453862, guid: b4b5332f50f9f3146a91a1b94b6699aa,
    type: 3}
  m_PrefabInstance: {fileID: 3997822724950211757}
  m_PrefabAsset: {fileID: 0}
--- !u!1001 &5745884648162023259
PrefabInstance:
  m_ObjectHideFlags: 0
  serializedVersion: 2
  m_Modification:
    m_TransformParent: {fileID: 8440903270860632665}
    m_Modifications:
    - target: {fileID: -927199367670048503, guid: b4b5332f50f9f3146a91a1b94b6699aa,
        type: 3}
      propertyPath: m_Name
      value: PlacaMetal1 (6)
      objectReference: {fileID: 0}
    - target: {fileID: -4216859302048453862, guid: b4b5332f50f9f3146a91a1b94b6699aa,
        type: 3}
      propertyPath: m_LocalPosition.x
      value: -1.797
      objectReference: {fileID: 0}
    - target: {fileID: -4216859302048453862, guid: b4b5332f50f9f3146a91a1b94b6699aa,
        type: 3}
      propertyPath: m_LocalPosition.y
      value: 1.456
      objectReference: {fileID: 0}
    - target: {fileID: -4216859302048453862, guid: b4b5332f50f9f3146a91a1b94b6699aa,
        type: 3}
      propertyPath: m_LocalPosition.z
      value: 0.3
      objectReference: {fileID: 0}
    - target: {fileID: -4216859302048453862, guid: b4b5332f50f9f3146a91a1b94b6699aa,
        type: 3}
      propertyPath: m_LocalRotation.x
      value: 0.000000119209275
      objectReference: {fileID: 0}
    - target: {fileID: -4216859302048453862, guid: b4b5332f50f9f3146a91a1b94b6699aa,
        type: 3}
      propertyPath: m_LocalRotation.y
      value: -0.00000012665986
      objectReference: {fileID: 0}
    - target: {fileID: -4216859302048453862, guid: b4b5332f50f9f3146a91a1b94b6699aa,
        type: 3}
      propertyPath: m_LocalRotation.z
      value: -0.567627
      objectReference: {fileID: 0}
    - target: {fileID: -4216859302048453862, guid: b4b5332f50f9f3146a91a1b94b6699aa,
        type: 3}
      propertyPath: m_LocalRotation.w
      value: 0.8232858
      objectReference: {fileID: 0}
    - target: {fileID: -4216859302048453862, guid: b4b5332f50f9f3146a91a1b94b6699aa,
        type: 3}
      propertyPath: m_RootOrder
      value: 6
      objectReference: {fileID: 0}
    - target: {fileID: -4216859302048453862, guid: b4b5332f50f9f3146a91a1b94b6699aa,
        type: 3}
      propertyPath: m_LocalEulerAnglesHint.x
      value: -90.00001
      objectReference: {fileID: 0}
    - target: {fileID: -4216859302048453862, guid: b4b5332f50f9f3146a91a1b94b6699aa,
        type: 3}
      propertyPath: m_LocalEulerAnglesHint.y
      value: 0
      objectReference: {fileID: 0}
    - target: {fileID: -4216859302048453862, guid: b4b5332f50f9f3146a91a1b94b6699aa,
        type: 3}
      propertyPath: m_LocalEulerAnglesHint.z
      value: -116.477005
      objectReference: {fileID: 0}
    - target: {fileID: -4216859302048453862, guid: b4b5332f50f9f3146a91a1b94b6699aa,
        type: 3}
      propertyPath: m_LocalScale.x
      value: 1
      objectReference: {fileID: 0}
    - target: {fileID: -4216859302048453862, guid: b4b5332f50f9f3146a91a1b94b6699aa,
        type: 3}
      propertyPath: m_LocalScale.y
      value: 1
      objectReference: {fileID: 0}
    - target: {fileID: -4216859302048453862, guid: b4b5332f50f9f3146a91a1b94b6699aa,
        type: 3}
      propertyPath: m_LocalScale.z
      value: 1
      objectReference: {fileID: 0}
    m_RemovedComponents: []
  m_SourcePrefab: {fileID: 100100000, guid: b4b5332f50f9f3146a91a1b94b6699aa, type: 3}
--- !u!1 &4367531432308772434 stripped
GameObject:
  m_CorrespondingSourceObject: {fileID: -927199367670048503, guid: b4b5332f50f9f3146a91a1b94b6699aa,
    type: 3}
  m_PrefabInstance: {fileID: 5745884648162023259}
  m_PrefabAsset: {fileID: 0}
--- !u!4 &776817517057866817 stripped
Transform:
  m_CorrespondingSourceObject: {fileID: -4216859302048453862, guid: b4b5332f50f9f3146a91a1b94b6699aa,
    type: 3}
  m_PrefabInstance: {fileID: 5745884648162023259}
  m_PrefabAsset: {fileID: 0}
--- !u!1001 &5970100635520348909
PrefabInstance:
  m_ObjectHideFlags: 0
  serializedVersion: 2
  m_Modification:
    m_TransformParent: {fileID: 8440903270860632665}
    m_Modifications:
    - target: {fileID: 2163115376070431775, guid: 041591ea9ef548244bd1abcbc6e24469,
        type: 3}
      propertyPath: m_Name
      value: Antorcha-Soporte Variant (1)
      objectReference: {fileID: 0}
    - target: {fileID: 2909241940837656076, guid: 041591ea9ef548244bd1abcbc6e24469,
        type: 3}
      propertyPath: m_LocalPosition.x
      value: -1.5258934
      objectReference: {fileID: 0}
    - target: {fileID: 2909241940837656076, guid: 041591ea9ef548244bd1abcbc6e24469,
        type: 3}
      propertyPath: m_LocalPosition.y
      value: 1.6566446
      objectReference: {fileID: 0}
    - target: {fileID: 2909241940837656076, guid: 041591ea9ef548244bd1abcbc6e24469,
        type: 3}
      propertyPath: m_LocalPosition.z
      value: 1.1351573
      objectReference: {fileID: 0}
    - target: {fileID: 2909241940837656076, guid: 041591ea9ef548244bd1abcbc6e24469,
        type: 3}
      propertyPath: m_LocalRotation.x
      value: 0.49515566
      objectReference: {fileID: 0}
    - target: {fileID: 2909241940837656076, guid: 041591ea9ef548244bd1abcbc6e24469,
        type: 3}
      propertyPath: m_LocalRotation.y
      value: 0.50479794
      objectReference: {fileID: 0}
    - target: {fileID: 2909241940837656076, guid: 041591ea9ef548244bd1abcbc6e24469,
        type: 3}
      propertyPath: m_LocalRotation.z
      value: 0.50479794
      objectReference: {fileID: 0}
    - target: {fileID: 2909241940837656076, guid: 041591ea9ef548244bd1abcbc6e24469,
        type: 3}
      propertyPath: m_LocalRotation.w
      value: 0.49515566
      objectReference: {fileID: 0}
    - target: {fileID: 2909241940837656076, guid: 041591ea9ef548244bd1abcbc6e24469,
        type: 3}
      propertyPath: m_RootOrder
      value: 13
      objectReference: {fileID: 0}
    - target: {fileID: 2909241940837656076, guid: 041591ea9ef548244bd1abcbc6e24469,
        type: 3}
      propertyPath: m_LocalEulerAnglesHint.x
      value: 0
      objectReference: {fileID: 0}
    - target: {fileID: 2909241940837656076, guid: 041591ea9ef548244bd1abcbc6e24469,
        type: 3}
      propertyPath: m_LocalEulerAnglesHint.y
      value: 43.798
      objectReference: {fileID: 0}
    - target: {fileID: 2909241940837656076, guid: 041591ea9ef548244bd1abcbc6e24469,
        type: 3}
      propertyPath: m_LocalEulerAnglesHint.z
      value: 0
      objectReference: {fileID: 0}
    - target: {fileID: 2909241940837656076, guid: 041591ea9ef548244bd1abcbc6e24469,
        type: 3}
      propertyPath: m_LocalScale.x
      value: 0.21399888
      objectReference: {fileID: 0}
    - target: {fileID: 2909241940837656076, guid: 041591ea9ef548244bd1abcbc6e24469,
        type: 3}
      propertyPath: m_LocalScale.y
      value: 0.21399888
      objectReference: {fileID: 0}
    - target: {fileID: 2909241940837656076, guid: 041591ea9ef548244bd1abcbc6e24469,
        type: 3}
      propertyPath: m_LocalScale.z
      value: 0.21399891
      objectReference: {fileID: 0}
    m_RemovedComponents: []
  m_SourcePrefab: {fileID: 100100000, guid: 041591ea9ef548244bd1abcbc6e24469, type: 3}
--- !u!4 &8828667995586680033 stripped
Transform:
  m_CorrespondingSourceObject: {fileID: 2909241940837656076, guid: 041591ea9ef548244bd1abcbc6e24469,
    type: 3}
  m_PrefabInstance: {fileID: 5970100635520348909}
  m_PrefabAsset: {fileID: 0}
--- !u!1001 &6183070816227018170
PrefabInstance:
  m_ObjectHideFlags: 0
  serializedVersion: 2
  m_Modification:
    m_TransformParent: {fileID: 8440903270860632665}
    m_Modifications:
    - target: {fileID: -927199367670048503, guid: b4b5332f50f9f3146a91a1b94b6699aa,
        type: 3}
      propertyPath: m_Name
      value: PlacaMetal1
      objectReference: {fileID: 0}
    - target: {fileID: -4216859302048453862, guid: b4b5332f50f9f3146a91a1b94b6699aa,
        type: 3}
      propertyPath: m_LocalPosition.x
      value: 0.02326907
      objectReference: {fileID: 0}
    - target: {fileID: -4216859302048453862, guid: b4b5332f50f9f3146a91a1b94b6699aa,
        type: 3}
      propertyPath: m_LocalPosition.y
      value: 0.04662956
      objectReference: {fileID: 0}
    - target: {fileID: -4216859302048453862, guid: b4b5332f50f9f3146a91a1b94b6699aa,
        type: 3}
      propertyPath: m_LocalPosition.z
      value: -0.0000000015944155
      objectReference: {fileID: 0}
    - target: {fileID: -4216859302048453862, guid: b4b5332f50f9f3146a91a1b94b6699aa,
        type: 3}
      propertyPath: m_LocalRotation.x
      value: -0
      objectReference: {fileID: 0}
    - target: {fileID: -4216859302048453862, guid: b4b5332f50f9f3146a91a1b94b6699aa,
        type: 3}
      propertyPath: m_LocalRotation.y
      value: 0.000000029802319
      objectReference: {fileID: 0}
    - target: {fileID: -4216859302048453862, guid: b4b5332f50f9f3146a91a1b94b6699aa,
        type: 3}
      propertyPath: m_LocalRotation.z
      value: 0.008857845
      objectReference: {fileID: 0}
    - target: {fileID: -4216859302048453862, guid: b4b5332f50f9f3146a91a1b94b6699aa,
        type: 3}
      propertyPath: m_LocalRotation.w
      value: 0.9999608
      objectReference: {fileID: 0}
    - target: {fileID: -4216859302048453862, guid: b4b5332f50f9f3146a91a1b94b6699aa,
        type: 3}
      propertyPath: m_RootOrder
      value: 0
      objectReference: {fileID: 0}
    - target: {fileID: -4216859302048453862, guid: b4b5332f50f9f3146a91a1b94b6699aa,
        type: 3}
      propertyPath: m_LocalEulerAnglesHint.x
      value: 0
      objectReference: {fileID: 0}
    - target: {fileID: -4216859302048453862, guid: b4b5332f50f9f3146a91a1b94b6699aa,
        type: 3}
      propertyPath: m_LocalEulerAnglesHint.y
      value: 0
      objectReference: {fileID: 0}
    - target: {fileID: -4216859302048453862, guid: b4b5332f50f9f3146a91a1b94b6699aa,
        type: 3}
      propertyPath: m_LocalEulerAnglesHint.z
      value: 1.0150001
      objectReference: {fileID: 0}
    - target: {fileID: -4216859302048453862, guid: b4b5332f50f9f3146a91a1b94b6699aa,
        type: 3}
      propertyPath: m_LocalScale.x
      value: 1
      objectReference: {fileID: 0}
    - target: {fileID: -4216859302048453862, guid: b4b5332f50f9f3146a91a1b94b6699aa,
        type: 3}
      propertyPath: m_LocalScale.y
      value: 1
      objectReference: {fileID: 0}
    - target: {fileID: -4216859302048453862, guid: b4b5332f50f9f3146a91a1b94b6699aa,
        type: 3}
      propertyPath: m_LocalScale.z
      value: 1
      objectReference: {fileID: 0}
    m_RemovedComponents: []
  m_SourcePrefab: {fileID: 100100000, guid: b4b5332f50f9f3146a91a1b94b6699aa, type: 3}
--- !u!4 &1203616598776245920 stripped
Transform:
  m_CorrespondingSourceObject: {fileID: -4216859302048453862, guid: b4b5332f50f9f3146a91a1b94b6699aa,
    type: 3}
  m_PrefabInstance: {fileID: 6183070816227018170}
  m_PrefabAsset: {fileID: 0}
--- !u!1 &2805534981483699379 stripped
GameObject:
  m_CorrespondingSourceObject: {fileID: -927199367670048503, guid: b4b5332f50f9f3146a91a1b94b6699aa,
    type: 3}
  m_PrefabInstance: {fileID: 6183070816227018170}
  m_PrefabAsset: {fileID: 0}
--- !u!1001 &6406939419423833542
PrefabInstance:
  m_ObjectHideFlags: 0
  serializedVersion: 2
  m_Modification:
    m_TransformParent: {fileID: 8440903270860632665}
    m_Modifications:
    - target: {fileID: -927199367670048503, guid: b4b5332f50f9f3146a91a1b94b6699aa,
        type: 3}
      propertyPath: m_Name
      value: PlacaMetal1 (2)
      objectReference: {fileID: 0}
    - target: {fileID: -4216859302048453862, guid: b4b5332f50f9f3146a91a1b94b6699aa,
        type: 3}
      propertyPath: m_LocalPosition.x
      value: -0.707
      objectReference: {fileID: 0}
    - target: {fileID: -4216859302048453862, guid: b4b5332f50f9f3146a91a1b94b6699aa,
        type: 3}
      propertyPath: m_LocalPosition.y
      value: 0.227
      objectReference: {fileID: 0}
    - target: {fileID: -4216859302048453862, guid: b4b5332f50f9f3146a91a1b94b6699aa,
        type: 3}
      propertyPath: m_LocalPosition.z
      value: 0.1
      objectReference: {fileID: 0}
    - target: {fileID: -4216859302048453862, guid: b4b5332f50f9f3146a91a1b94b6699aa,
        type: 3}
      propertyPath: m_LocalRotation.x
      value: 0.000000059604638
      objectReference: {fileID: 0}
    - target: {fileID: -4216859302048453862, guid: b4b5332f50f9f3146a91a1b94b6699aa,
        type: 3}
      propertyPath: m_LocalRotation.y
      value: -0
      objectReference: {fileID: 0}
    - target: {fileID: -4216859302048453862, guid: b4b5332f50f9f3146a91a1b94b6699aa,
        type: 3}
      propertyPath: m_LocalRotation.z
      value: -0.18928744
      objectReference: {fileID: 0}
    - target: {fileID: -4216859302048453862, guid: b4b5332f50f9f3146a91a1b94b6699aa,
        type: 3}
      propertyPath: m_LocalRotation.w
      value: 0.98192173
      objectReference: {fileID: 0}
    - target: {fileID: -4216859302048453862, guid: b4b5332f50f9f3146a91a1b94b6699aa,
        type: 3}
      propertyPath: m_RootOrder
      value: 2
      objectReference: {fileID: 0}
    - target: {fileID: -4216859302048453862, guid: b4b5332f50f9f3146a91a1b94b6699aa,
        type: 3}
      propertyPath: m_LocalEulerAnglesHint.x
      value: 0
      objectReference: {fileID: 0}
    - target: {fileID: -4216859302048453862, guid: b4b5332f50f9f3146a91a1b94b6699aa,
        type: 3}
      propertyPath: m_LocalEulerAnglesHint.y
      value: 0
      objectReference: {fileID: 0}
    - target: {fileID: -4216859302048453862, guid: b4b5332f50f9f3146a91a1b94b6699aa,
        type: 3}
      propertyPath: m_LocalEulerAnglesHint.z
      value: -21.822
      objectReference: {fileID: 0}
    - target: {fileID: -4216859302048453862, guid: b4b5332f50f9f3146a91a1b94b6699aa,
        type: 3}
      propertyPath: m_LocalScale.x
      value: 1
      objectReference: {fileID: 0}
    - target: {fileID: -4216859302048453862, guid: b4b5332f50f9f3146a91a1b94b6699aa,
        type: 3}
      propertyPath: m_LocalScale.y
      value: 1
      objectReference: {fileID: 0}
    - target: {fileID: -4216859302048453862, guid: b4b5332f50f9f3146a91a1b94b6699aa,
        type: 3}
      propertyPath: m_LocalScale.z
      value: 1
      objectReference: {fileID: 0}
    m_RemovedComponents: []
  m_SourcePrefab: {fileID: 100100000, guid: b4b5332f50f9f3146a91a1b94b6699aa, type: 3}
--- !u!4 &2130398037807060700 stripped
Transform:
  m_CorrespondingSourceObject: {fileID: -4216859302048453862, guid: b4b5332f50f9f3146a91a1b94b6699aa,
    type: 3}
  m_PrefabInstance: {fileID: 6406939419423833542}
  m_PrefabAsset: {fileID: 0}
--- !u!1 &3155871473893844175 stripped
GameObject:
  m_CorrespondingSourceObject: {fileID: -927199367670048503, guid: b4b5332f50f9f3146a91a1b94b6699aa,
    type: 3}
  m_PrefabInstance: {fileID: 6406939419423833542}
  m_PrefabAsset: {fileID: 0}
--- !u!1001 &7940628478855502563
PrefabInstance:
  m_ObjectHideFlags: 0
  serializedVersion: 2
  m_Modification:
    m_TransformParent: {fileID: 8440903270860632665}
    m_Modifications:
    - target: {fileID: -927199367670048503, guid: b4b5332f50f9f3146a91a1b94b6699aa,
        type: 3}
      propertyPath: m_Name
      value: PlacaMetal1 (3)
      objectReference: {fileID: 0}
    - target: {fileID: -4216859302048453862, guid: b4b5332f50f9f3146a91a1b94b6699aa,
        type: 3}
      propertyPath: m_LocalPosition.x
      value: -1.035
      objectReference: {fileID: 0}
    - target: {fileID: -4216859302048453862, guid: b4b5332f50f9f3146a91a1b94b6699aa,
        type: 3}
      propertyPath: m_LocalPosition.y
      value: 0.463
      objectReference: {fileID: 0}
    - target: {fileID: -4216859302048453862, guid: b4b5332f50f9f3146a91a1b94b6699aa,
        type: 3}
      propertyPath: m_LocalPosition.z
      value: 0.15
      objectReference: {fileID: 0}
    - target: {fileID: -4216859302048453862, guid: b4b5332f50f9f3146a91a1b94b6699aa,
        type: 3}
      propertyPath: m_LocalRotation.x
      value: 0.00000008940697
      objectReference: {fileID: 0}
    - target: {fileID: -4216859302048453862, guid: b4b5332f50f9f3146a91a1b94b6699aa,
        type: 3}
      propertyPath: m_LocalRotation.y
      value: -0.000000014901161
      objectReference: {fileID: 0}
    - target: {fileID: -4216859302048453862, guid: b4b5332f50f9f3146a91a1b94b6699aa,
        type: 3}
      propertyPath: m_LocalRotation.z
      value: -0.29354858
      objectReference: {fileID: 0}
    - target: {fileID: -4216859302048453862, guid: b4b5332f50f9f3146a91a1b94b6699aa,
        type: 3}
      propertyPath: m_LocalRotation.w
      value: 0.95594424
      objectReference: {fileID: 0}
    - target: {fileID: -4216859302048453862, guid: b4b5332f50f9f3146a91a1b94b6699aa,
        type: 3}
      propertyPath: m_RootOrder
      value: 3
      objectReference: {fileID: 0}
    - target: {fileID: -4216859302048453862, guid: b4b5332f50f9f3146a91a1b94b6699aa,
        type: 3}
      propertyPath: m_LocalEulerAnglesHint.x
      value: -90.00001
      objectReference: {fileID: 0}
    - target: {fileID: -4216859302048453862, guid: b4b5332f50f9f3146a91a1b94b6699aa,
        type: 3}
      propertyPath: m_LocalEulerAnglesHint.y
      value: 0
      objectReference: {fileID: 0}
    - target: {fileID: -4216859302048453862, guid: b4b5332f50f9f3146a91a1b94b6699aa,
        type: 3}
      propertyPath: m_LocalEulerAnglesHint.z
      value: -81.448006
      objectReference: {fileID: 0}
    - target: {fileID: -4216859302048453862, guid: b4b5332f50f9f3146a91a1b94b6699aa,
        type: 3}
      propertyPath: m_LocalScale.x
      value: 1
      objectReference: {fileID: 0}
    - target: {fileID: -4216859302048453862, guid: b4b5332f50f9f3146a91a1b94b6699aa,
        type: 3}
      propertyPath: m_LocalScale.y
      value: 1
      objectReference: {fileID: 0}
    - target: {fileID: -4216859302048453862, guid: b4b5332f50f9f3146a91a1b94b6699aa,
        type: 3}
      propertyPath: m_LocalScale.z
      value: 1
      objectReference: {fileID: 0}
    m_RemovedComponents: []
  m_SourcePrefab: {fileID: 100100000, guid: b4b5332f50f9f3146a91a1b94b6699aa, type: 3}
--- !u!1 &2095065057431323626 stripped
GameObject:
  m_CorrespondingSourceObject: {fileID: -927199367670048503, guid: b4b5332f50f9f3146a91a1b94b6699aa,
    type: 3}
  m_PrefabInstance: {fileID: 7940628478855502563}
  m_PrefabAsset: {fileID: 0}
--- !u!4 &3118869500365238777 stripped
Transform:
  m_CorrespondingSourceObject: {fileID: -4216859302048453862, guid: b4b5332f50f9f3146a91a1b94b6699aa,
    type: 3}
  m_PrefabInstance: {fileID: 7940628478855502563}
  m_PrefabAsset: {fileID: 0}
--- !u!1001 &8160494942397211593
PrefabInstance:
  m_ObjectHideFlags: 0
  serializedVersion: 2
  m_Modification:
    m_TransformParent: {fileID: 8440903270860632665}
    m_Modifications:
    - target: {fileID: -927199367670048503, guid: b4b5332f50f9f3146a91a1b94b6699aa,
        type: 3}
      propertyPath: m_Name
      value: PlacaMetal1 (1)
      objectReference: {fileID: 0}
    - target: {fileID: -4216859302048453862, guid: b4b5332f50f9f3146a91a1b94b6699aa,
        type: 3}
      propertyPath: m_LocalPosition.x
      value: -0.343
      objectReference: {fileID: 0}
    - target: {fileID: -4216859302048453862, guid: b4b5332f50f9f3146a91a1b94b6699aa,
        type: 3}
      propertyPath: m_LocalPosition.y
      value: 0.1
      objectReference: {fileID: 0}
    - target: {fileID: -4216859302048453862, guid: b4b5332f50f9f3146a91a1b94b6699aa,
        type: 3}
      propertyPath: m_LocalPosition.z
      value: 0.05
      objectReference: {fileID: 0}
    - target: {fileID: -4216859302048453862, guid: b4b5332f50f9f3146a91a1b94b6699aa,
        type: 3}
      propertyPath: m_LocalRotation.x
      value: -0
      objectReference: {fileID: 0}
    - target: {fileID: -4216859302048453862, guid: b4b5332f50f9f3146a91a1b94b6699aa,
        type: 3}
      propertyPath: m_LocalRotation.y
      value: -0
      objectReference: {fileID: 0}
    - target: {fileID: -4216859302048453862, guid: b4b5332f50f9f3146a91a1b94b6699aa,
        type: 3}
      propertyPath: m_LocalRotation.z
      value: -0.10294768
      objectReference: {fileID: 0}
    - target: {fileID: -4216859302048453862, guid: b4b5332f50f9f3146a91a1b94b6699aa,
        type: 3}
      propertyPath: m_LocalRotation.w
      value: 0.99468684
      objectReference: {fileID: 0}
    - target: {fileID: -4216859302048453862, guid: b4b5332f50f9f3146a91a1b94b6699aa,
        type: 3}
      propertyPath: m_RootOrder
      value: 1
      objectReference: {fileID: 0}
    - target: {fileID: -4216859302048453862, guid: b4b5332f50f9f3146a91a1b94b6699aa,
        type: 3}
      propertyPath: m_LocalEulerAnglesHint.x
      value: 0
      objectReference: {fileID: 0}
    - target: {fileID: -4216859302048453862, guid: b4b5332f50f9f3146a91a1b94b6699aa,
        type: 3}
      propertyPath: m_LocalEulerAnglesHint.y
      value: 0
      objectReference: {fileID: 0}
    - target: {fileID: -4216859302048453862, guid: b4b5332f50f9f3146a91a1b94b6699aa,
        type: 3}
      propertyPath: m_LocalEulerAnglesHint.z
      value: -11.818001
      objectReference: {fileID: 0}
    - target: {fileID: -4216859302048453862, guid: b4b5332f50f9f3146a91a1b94b6699aa,
        type: 3}
      propertyPath: m_LocalScale.x
      value: 1
      objectReference: {fileID: 0}
    - target: {fileID: -4216859302048453862, guid: b4b5332f50f9f3146a91a1b94b6699aa,
        type: 3}
      propertyPath: m_LocalScale.y
      value: 1
      objectReference: {fileID: 0}
    - target: {fileID: -4216859302048453862, guid: b4b5332f50f9f3146a91a1b94b6699aa,
        type: 3}
      propertyPath: m_LocalScale.z
      value: 1
      objectReference: {fileID: 0}
    m_RemovedComponents: []
  m_SourcePrefab: {fileID: 100100000, guid: b4b5332f50f9f3146a91a1b94b6699aa, type: 3}
--- !u!1 &152572629754739392 stripped
GameObject:
  m_CorrespondingSourceObject: {fileID: -927199367670048503, guid: b4b5332f50f9f3146a91a1b94b6699aa,
    type: 3}
  m_PrefabInstance: {fileID: 8160494942397211593}
  m_PrefabAsset: {fileID: 0}
--- !u!4 &3766506992859646163 stripped
Transform:
  m_CorrespondingSourceObject: {fileID: -4216859302048453862, guid: b4b5332f50f9f3146a91a1b94b6699aa,
    type: 3}
  m_PrefabInstance: {fileID: 8160494942397211593}
  m_PrefabAsset: {fileID: 0}
--- !u!1001 &8573457589963961452
PrefabInstance:
  m_ObjectHideFlags: 0
  serializedVersion: 2
  m_Modification:
    m_TransformParent: {fileID: 8440903270860632665}
    m_Modifications:
    - target: {fileID: -927199367670048503, guid: 9dbf12cdfe3f9f44d9c2bacf99a0e69d,
        type: 3}
      propertyPath: m_Name
      value: PlacaMetal3
      objectReference: {fileID: 0}
    - target: {fileID: -4216859302048453862, guid: 9dbf12cdfe3f9f44d9c2bacf99a0e69d,
        type: 3}
      propertyPath: m_LocalPosition.x
      value: -0.72
      objectReference: {fileID: 0}
    - target: {fileID: -4216859302048453862, guid: 9dbf12cdfe3f9f44d9c2bacf99a0e69d,
        type: 3}
      propertyPath: m_LocalPosition.y
      value: 3.29
      objectReference: {fileID: 0}
    - target: {fileID: -4216859302048453862, guid: 9dbf12cdfe3f9f44d9c2bacf99a0e69d,
        type: 3}
      propertyPath: m_LocalPosition.z
      value: 0.5
      objectReference: {fileID: 0}
    - target: {fileID: -4216859302048453862, guid: 9dbf12cdfe3f9f44d9c2bacf99a0e69d,
        type: 3}
      propertyPath: m_LocalRotation.x
      value: -0
      objectReference: {fileID: 0}
    - target: {fileID: -4216859302048453862, guid: 9dbf12cdfe3f9f44d9c2bacf99a0e69d,
        type: 3}
      propertyPath: m_LocalRotation.y
      value: 0.000000014901159
      objectReference: {fileID: 0}
    - target: {fileID: -4216859302048453862, guid: 9dbf12cdfe3f9f44d9c2bacf99a0e69d,
        type: 3}
      propertyPath: m_LocalRotation.z
      value: 0.40120482
      objectReference: {fileID: 0}
    - target: {fileID: -4216859302048453862, guid: 9dbf12cdfe3f9f44d9c2bacf99a0e69d,
        type: 3}
      propertyPath: m_LocalRotation.w
      value: 0.9159884
      objectReference: {fileID: 0}
    - target: {fileID: -4216859302048453862, guid: 9dbf12cdfe3f9f44d9c2bacf99a0e69d,
        type: 3}
      propertyPath: m_RootOrder
      value: 12
      objectReference: {fileID: 0}
    - target: {fileID: -4216859302048453862, guid: 9dbf12cdfe3f9f44d9c2bacf99a0e69d,
        type: 3}
      propertyPath: m_LocalEulerAnglesHint.x
      value: -90
      objectReference: {fileID: 0}
    - target: {fileID: -4216859302048453862, guid: 9dbf12cdfe3f9f44d9c2bacf99a0e69d,
        type: 3}
      propertyPath: m_LocalEulerAnglesHint.y
      value: 0
      objectReference: {fileID: 0}
    - target: {fileID: -4216859302048453862, guid: 9dbf12cdfe3f9f44d9c2bacf99a0e69d,
        type: 3}
      propertyPath: m_LocalEulerAnglesHint.z
      value: 0
      objectReference: {fileID: 0}
    - target: {fileID: -4216859302048453862, guid: 9dbf12cdfe3f9f44d9c2bacf99a0e69d,
        type: 3}
      propertyPath: m_LocalScale.x
      value: 1.3774793
      objectReference: {fileID: 0}
    - target: {fileID: -4216859302048453862, guid: 9dbf12cdfe3f9f44d9c2bacf99a0e69d,
        type: 3}
      propertyPath: m_LocalScale.y
      value: 1.3774801
      objectReference: {fileID: 0}
    - target: {fileID: -4216859302048453862, guid: 9dbf12cdfe3f9f44d9c2bacf99a0e69d,
        type: 3}
      propertyPath: m_LocalScale.z
      value: 1.3774799
      objectReference: {fileID: 0}
    m_RemovedComponents: []
  m_SourcePrefab: {fileID: 100100000, guid: 9dbf12cdfe3f9f44d9c2bacf99a0e69d, type: 3}
--- !u!1 &421903877783350629 stripped
GameObject:
  m_CorrespondingSourceObject: {fileID: -927199367670048503, guid: 9dbf12cdfe3f9f44d9c2bacf99a0e69d,
    type: 3}
  m_PrefabInstance: {fileID: 8573457589963961452}
  m_PrefabAsset: {fileID: 0}
--- !u!4 &3711457091520831350 stripped
Transform:
  m_CorrespondingSourceObject: {fileID: -4216859302048453862, guid: 9dbf12cdfe3f9f44d9c2bacf99a0e69d,
    type: 3}
  m_PrefabInstance: {fileID: 8573457589963961452}
  m_PrefabAsset: {fileID: 0}
